<?xml version="1.0" encoding="UTF-8" ?><marc:collection xmlns:marc="http://www.loc.gov/MARC21/slim" xmlns:xsi="http://www.w3.org/2001/XMLSchema-instance" xsi:schemaLocation="http://www.loc.gov/MARC21/slim http://www.loc.gov/standards/marcxml/schema/MARC21slim.xsd">
<marc:record><marc:leader>01236ccm a2200277   4500</marc:leader>
<marc:controlfield tag="001">a305</marc:controlfield>
<marc:controlfield tag="003">SIRSI</marc:controlfield><marc:controlfield tag="005">20151103003002.0</marc:controlfield><marc:controlfield tag="008">750114s1974    gw zza         n  |      </marc:controlfield><marc:datafield tag="010" ind1=" " ind2=" "><marc:subfield code="a">   74233764</marc:subfield></marc:datafield><marc:datafield tag="040" ind1=" " ind2=" "><marc:subfield code="a">CSt</marc:subfield><marc:subfield code="c">CSt</marc:subfield><marc:subfield code="d">OrLoB</marc:subfield></marc:datafield><marc:datafield tag="048" ind1=" " ind2=" "><marc:subfield code="a">ka01</marc:subfield><marc:subfield code="a">sa01</marc:subfield><marc:subfield code="a">sb01</marc:subfield><marc:subfield code="a">sc01</marc:subfield></marc:datafield><marc:datafield tag="050" ind1=" " ind2=" "><marc:subfield code="a">M412.B8 op.26  .K7</marc:subfield></marc:datafield><marc:datafield tag="100" ind1="1" ind2=" "><marc:subfield code="a">Brahms, Johannes,</marc:subfield><marc:subfield code="d">1833-1897.</marc:subfield><marc:subfield code="=">^A1626430</marc:subfield></marc:datafield><marc:datafield tag="240" ind1="1" ind2="0"><marc:subfield code="a">Quartets,</marc:subfield><marc:subfield code="m">piano, violin, viola, cello,</marc:subfield><marc:subfield code="n">no. 2, op. 26,</marc:subfield><marc:subfield code="r">A major</marc:subfield><marc:subfield code="=">^A1626430</marc:subfield></marc:datafield><marc:datafield tag="245" ind1="0" ind2="0"><marc:subfield code="a">Quartett für Klavier, Violine, Viola und Violoncello A-dur, Opus 26.</marc:subfield><marc:subfield code="c">Nach der Eigenschrift, einer Abschrift und dem Handexemplar des Komponisten hrsg. von Hanspeter Krellmann. Fingersatz der Klavierstimme von Hans-Martin Theopold.</marc:subfield></marc:datafield><marc:datafield tag="260" ind1=" " ind2=" "><marc:subfield code="a">München :</marc:subfield><marc:subfield code="b">G. Henle Verlag,</marc:subfield><marc:subfield code="c">[1974]</marc:subfield></marc:datafield><marc:datafield tag="300" ind1=" " ind2=" "><marc:subfield code="a">score (67 p.) &amp; 3 pts.</marc:subfield><marc:subfield code="c">31 cm.</marc:subfield></marc:datafield><marc:datafield tag="500" ind1=" " ind2=" "><marc:subfield code="a">Pref. in German, English, and French.</marc:subfield></marc:datafield><marc:datafield tag="596" ind1=" " ind2=" "><marc:subfield code="a">18</marc:subfield></marc:datafield><marc:datafield tag="650" ind1=" " ind2="0"><marc:subfield code="a">Piano quartets</marc:subfield><marc:subfield code="x">Scores and parts.</marc:subfield><marc:subfield code="=">^A1049197</marc:subfield></marc:datafield><marc:datafield tag="035" ind1=" " ind2=" "><marc:subfield code="a">(OCoLC-M)80292629</marc:subfield></marc:datafield><marc:datafield tag="035" ind1=" " ind2=" "><marc:subfield code="a">(OCoLC-I)268830105</marc:subfield></marc:datafield><marc:datafield tag="916" ind1=" " ind2=" "><marc:subfield code="a">DATE CATALOGED</marc:subfield><marc:subfield code="b">19930622</marc:subfield></marc:datafield><marc:datafield tag="979" ind1=" " ind2=" "><marc:subfield code="a">HARRISL</marc:subfield><marc:subfield code="b">druid:bm267dr4255</marc:subfield><marc:subfield code="c">No content metadata</marc:subfield><marc:subfield code="d">Lucie King Harris Fund</marc:subfield></marc:datafield><marc:datafield tag="999" ind1=" " ind2=" "><marc:subfield code="a">M412 .B81 Q12 1974</marc:subfield><marc:subfield code="w">LC</marc:subfield><marc:subfield code="c">2</marc:subfield><marc:subfield code="i">36105122465904</marc:subfield><marc:subfield code="d">10/2/2014</marc:subfield><marc:subfield code="e">9/28/2014</marc:subfield><marc:subfield code="j">4</marc:subfield><marc:subfield code="l">SCORES</marc:subfield><marc:subfield code="m">MUSIC</marc:subfield><marc:subfield code="n">18</marc:subfield><marc:subfield code="q">1</marc:subfield><marc:subfield code="r">Y</marc:subfield><marc:subfield code="s">Y</marc:subfield><marc:subfield code="t">SCORE</marc:subfield><marc:subfield code="u">6/26/2006</marc:subfield></marc:datafield></marc:record>