
<marc:record><marc:leader>01343nam a2200325 i 4500</marc:leader>
<marc:controlfield tag="001">a9330</marc:controlfield>
<marc:controlfield tag="003">SIRSI</marc:controlfield><marc:controlfield tag="005">20151103003002.0</marc:controlfield><marc:controlfield tag="008">791219s1911    wau           000 0 eng d</marc:controlfield><marc:datafield tag="035" ind1=" " ind2=" "><marc:subfield code="a">(OCoLC-M)5814101</marc:subfield></marc:datafield><marc:datafield tag="035" ind1=" " ind2=" "><marc:subfield code="a">(OCoLC-I)268910221</marc:subfield></marc:datafield><marc:datafield tag="040" ind1=" " ind2=" "><marc:subfield code="a">TXA</marc:subfield><marc:subfield code="c">TXA</marc:subfield><marc:subfield code="d">STF</marc:subfield><marc:subfield code="d">OrLoB</marc:subfield></marc:datafield><marc:datafield tag="043" ind1=" " ind2=" "><marc:subfield code="a">n-us-wa</marc:subfield></marc:datafield><marc:datafield tag="049" ind1=" " ind2=" "><marc:subfield code="a">STFA</marc:subfield></marc:datafield><marc:datafield tag="092" ind1=" " ind2=" "><marc:subfield code="a">325.7351</marc:subfield><marc:subfield code="b">K55</marc:subfield></marc:datafield><marc:datafield tag="100" ind1="1" ind2=" "><marc:subfield code="a">Kinnear, George,</marc:subfield><marc:subfield code="d">1836-1912. </marc:subfield><marc:subfield code="=">^A2774193</marc:subfield></marc:datafield><marc:datafield tag="245" ind1="1" ind2="0"><marc:subfield code="a">Anti-Chinese riots at Seattle, Wn., February 8th, 1886 /</marc:subfield><marc:subfield code="c">by Geo. Kinnear.</marc:subfield></marc:datafield><marc:datafield tag="260" ind1=" " ind2=" "><marc:subfield code="a">Seattle :</marc:subfield><marc:subfield code="b">[s. n.],</marc:subfield><marc:subfield code="c">1911.</marc:subfield></marc:datafield><marc:datafield tag="300" ind1=" " ind2=" "><marc:subfield code="a">16 p. ;</marc:subfield><marc:subfield code="c">22 cm.</marc:subfield></marc:datafield><marc:datafield tag="590" ind1=" " ind2=" "><marc:subfield code="a">Stanford copy 1 (RBC): Provenance: Mary Langshere (signature); author's presentation inscription to W.F. Thomas; &quot;Given to Mary Randall Langshere by Mrs. Thomas&quot;; ms. annotations.</marc:subfield></marc:datafield><marc:datafield tag="596" ind1=" " ind2=" "><marc:subfield code="a">20 21</marc:subfield></marc:datafield><marc:datafield tag="650" ind1=" " ind2="0"><marc:subfield code="a">Chinese</marc:subfield><marc:subfield code="z">United States.</marc:subfield><marc:subfield code="=">^A1003572</marc:subfield></marc:datafield><marc:datafield tag="650" ind1=" " ind2="0"><marc:subfield code="a">Immigrants</marc:subfield><marc:subfield code="z">Washington (State)</marc:subfield><marc:subfield code="z">Seattle.</marc:subfield><marc:subfield code="=">^A1027149</marc:subfield></marc:datafield><marc:datafield tag="650" ind1=" " ind2="0"><marc:subfield code="a">Riots</marc:subfield><marc:subfield code="z">Washington (State)</marc:subfield><marc:subfield code="z">Seattle.</marc:subfield><marc:subfield code="=">^A1503252</marc:subfield></marc:datafield><marc:datafield tag="690" ind1=" " ind2="4"><marc:subfield code="a">%PRO796</marc:subfield><marc:subfield code="a">Langshere, Mary.</marc:subfield></marc:datafield><marc:datafield tag="690" ind1=" " ind2="4"><marc:subfield code="a">%PRO796</marc:subfield><marc:subfield code="a">Randall, Mary.</marc:subfield></marc:datafield><marc:datafield tag="690" ind1=" " ind2="4"><marc:subfield code="a">%PRO796</marc:subfield><marc:subfield code="a">Kinnear, George,</marc:subfield><marc:subfield code="d">1836-1912.</marc:subfield></marc:datafield><marc:datafield tag="916" ind1=" " ind2=" "><marc:subfield code="a">DATE CATALOGED</marc:subfield><marc:subfield code="b">19900915</marc:subfield></marc:datafield><marc:datafield tag="979" ind1=" " ind2=" "><marc:subfield code="a">BAILEYT</marc:subfield><marc:subfield code="b">druid:tf882hn2198</marc:subfield><marc:subfield code="c">tf882hn2198_00_0001.jp2</marc:subfield><marc:subfield code="d">Annie Nelson Bailey Memorial Book Fund</marc:subfield></marc:datafield><marc:datafield tag="999" ind1=" " ind2=" "><marc:subfield code="a">F899 .S4 K5 1886</marc:subfield><marc:subfield code="w">LC</marc:subfield><marc:subfield code="c">1</marc:subfield><marc:subfield code="i">36105125890967</marc:subfield><marc:subfield code="l">RARE-BOOKS</marc:subfield><marc:subfield code="m">SPEC-COLL</marc:subfield><marc:subfield code="r">Y</marc:subfield><marc:subfield code="s">Y</marc:subfield><marc:subfield code="t">STKS</marc:subfield><marc:subfield code="u">3/8/2013</marc:subfield><marc:subfield code="z">TAX=8.25</marc:subfield></marc:datafield></marc:record>