
<marc:record><marc:leader>01390cam a2200313   4500</marc:leader>
<marc:controlfield tag="001">a13357</marc:controlfield>
<marc:controlfield tag="003">SIRSI</marc:controlfield><marc:controlfield tag="005">20151103003002.0</marc:controlfield><marc:controlfield tag="008">751020t19561948xx            000 0 engmc</marc:controlfield><marc:datafield tag="010" ind1=" " ind2=" "><marc:subfield code="a">   56000184</marc:subfield></marc:datafield><marc:datafield tag="040" ind1=" " ind2=" "><marc:subfield code="a">Printed for U. S. Q. B. R.</marc:subfield><marc:subfield code="c">ABC</marc:subfield><marc:subfield code="d">ABC</marc:subfield><marc:subfield code="d">m.c.</marc:subfield><marc:subfield code="d">OCL</marc:subfield><marc:subfield code="d">STF</marc:subfield><marc:subfield code="d">OrLoB</marc:subfield><marc:subfield code="d">UtOrBLW</marc:subfield></marc:datafield><marc:datafield tag="049" ind1=" " ind2=" "><marc:subfield code="a">STFA</marc:subfield><marc:subfield code="c">1-2</marc:subfield></marc:datafield><marc:datafield tag="050" ind1=" " ind2="0"><marc:subfield code="a">B775</marc:subfield><marc:subfield code="b">.C32 1956</marc:subfield></marc:datafield><marc:datafield tag="092" ind1=" " ind2=" "><marc:subfield code="a">195.08</marc:subfield><marc:subfield code="b">C345a</marc:subfield></marc:datafield><marc:datafield tag="100" ind1="1" ind2=" "><marc:subfield code="a">Cassirer, Ernst,</marc:subfield><marc:subfield code="d">1874-1945.</marc:subfield><marc:subfield code="=">^A25100</marc:subfield></marc:datafield><marc:datafield tag="245" ind1="1" ind2="4"><marc:subfield code="a">The Renaissance philosophy of man /</marc:subfield><marc:subfield code="c">[by] Petrarca [and others] Selections in translation, edited by Ernst Cassirer, Paul Oskar Kristeller [and] John Herman Randall, Jr.</marc:subfield></marc:datafield><marc:datafield tag="260" ind1=" " ind2=" "><marc:subfield code="a">[Chicago] :</marc:subfield><marc:subfield code="b">Univ. of Chicago Press,</marc:subfield><marc:subfield code="c">[1956, c1948]</marc:subfield></marc:datafield><marc:datafield tag="300" ind1=" " ind2=" "><marc:subfield code="a">405 p. ;</marc:subfield><marc:subfield code="c">21 cm.</marc:subfield></marc:datafield><marc:datafield tag="650" ind1=" " ind2="0"><marc:subfield code="a">Philosophy, Medieval.</marc:subfield><marc:subfield code="=">^A1048650</marc:subfield></marc:datafield><marc:datafield tag="700" ind1="1" ind2=" "><marc:subfield code="a">Petrarca, Francesco,</marc:subfield><marc:subfield code="d">1304-1374.</marc:subfield><marc:subfield code="=">^A121683</marc:subfield></marc:datafield><marc:datafield tag="700" ind1="1" ind2=" "><marc:subfield code="a">Kristeller, Paul Oskar,</marc:subfield><marc:subfield code="d">1905-1999.</marc:subfield><marc:subfield code="=">^A100004</marc:subfield></marc:datafield><marc:datafield tag="700" ind1="1" ind2=" "><marc:subfield code="a">Randall, John Herman,</marc:subfield><marc:subfield code="c">Jr.,</marc:subfield><marc:subfield code="d">1899-1980</marc:subfield><marc:subfield code="=">^A38428</marc:subfield></marc:datafield><marc:datafield tag="035" ind1=" " ind2=" "><marc:subfield code="a">(OCoLC-M)1718876</marc:subfield></marc:datafield><marc:datafield tag="035" ind1=" " ind2=" "><marc:subfield code="a">(OCoLC-I)268808021</marc:subfield></marc:datafield><marc:datafield tag="596" ind1=" " ind2=" "><marc:subfield code="a">1 20 31</marc:subfield></marc:datafield><marc:datafield tag="916" ind1=" " ind2=" "><marc:subfield code="a">DATE CATALOGED</marc:subfield><marc:subfield code="b">19900915</marc:subfield></marc:datafield><marc:datafield tag="979" ind1=" " ind2=" "><marc:subfield code="a">BENDERRM</marc:subfield><marc:subfield code="b">druid:hd360gv1231</marc:subfield><marc:subfield code="c">hd360gv1231_00_0001.jp2</marc:subfield><marc:subfield code="d">Stanford Bookstore : Centennial</marc:subfield></marc:datafield><marc:datafield tag="999" ind1=" " ind2=" "><marc:subfield code="a">B775 .C32 1956</marc:subfield><marc:subfield code="w">LC</marc:subfield><marc:subfield code="c">1</marc:subfield><marc:subfield code="i">36105029469967</marc:subfield><marc:subfield code="d">2/25/2014</marc:subfield><marc:subfield code="l">BENDER</marc:subfield><marc:subfield code="m">GREEN</marc:subfield><marc:subfield code="q">3</marc:subfield><marc:subfield code="r">Y</marc:subfield><marc:subfield code="s">Y</marc:subfield><marc:subfield code="t">NONCIRC</marc:subfield><marc:subfield code="u">10/23/2000</marc:subfield></marc:datafield><marc:datafield tag="999" ind1=" " ind2=" "><marc:subfield code="a">195.08 .C345A</marc:subfield><marc:subfield code="w">DEWEY</marc:subfield><marc:subfield code="c">2</marc:subfield><marc:subfield code="i">36105011709651</marc:subfield><marc:subfield code="d">5/20/2013</marc:subfield><marc:subfield code="e">5/7/2013</marc:subfield><marc:subfield code="l">STACKS</marc:subfield><marc:subfield code="m">SAL3</marc:subfield><marc:subfield code="n">15</marc:subfield><marc:subfield code="r">Y</marc:subfield><marc:subfield code="s">Y</marc:subfield><marc:subfield code="t">STKS-MONO</marc:subfield><marc:subfield code="u">10/20/1975</marc:subfield></marc:datafield></marc:record>