
<marc:record><marc:leader>01410cam a2200337   4500</marc:leader>
<marc:controlfield tag="001">a13358</marc:controlfield>
<marc:controlfield tag="003">SIRSI</marc:controlfield><marc:controlfield tag="005">20151103003002.0</marc:controlfield><marc:controlfield tag="008">720210s1964    xx            000 0 eng u</marc:controlfield><marc:datafield tag="010" ind1=" " ind2=" "><marc:subfield code="a">   64017002</marc:subfield></marc:datafield><marc:datafield tag="020" ind1=" " ind2=" "><marc:subfield code="a">0804701113</marc:subfield></marc:datafield><marc:datafield tag="020" ind1=" " ind2=" "><marc:subfield code="a">9780804701112</marc:subfield></marc:datafield><marc:datafield tag="020" ind1=" " ind2=" "><marc:subfield code="a">0804701105</marc:subfield></marc:datafield><marc:datafield tag="020" ind1=" " ind2=" "><marc:subfield code="a">9780804701105</marc:subfield></marc:datafield><marc:datafield tag="040" ind1=" " ind2=" "><marc:subfield code="c">CMJ</marc:subfield><marc:subfield code="d">OCL</marc:subfield><marc:subfield code="d">CSt</marc:subfield><marc:subfield code="d">OrLoB</marc:subfield><marc:subfield code="d">UtOrBLW</marc:subfield></marc:datafield><marc:datafield tag="092" ind1=" " ind2=" "><marc:subfield code="a">195.08</marc:subfield><marc:subfield code="b">K92</marc:subfield></marc:datafield><marc:datafield tag="100" ind1="1" ind2=" "><marc:subfield code="a">Kristeller, Paul Oskar,</marc:subfield><marc:subfield code="d">1905-1999.</marc:subfield><marc:subfield code="=">^A100004</marc:subfield></marc:datafield><marc:datafield tag="245" ind1="1" ind2="0"><marc:subfield code="a">Eight philosophers of the Italian renaissance.</marc:subfield></marc:datafield><marc:datafield tag="260" ind1=" " ind2=" "><marc:subfield code="a">Stanford, Calif. :</marc:subfield><marc:subfield code="b">Stanford University Press,</marc:subfield><marc:subfield code="c">[1964]</marc:subfield></marc:datafield><marc:datafield tag="300" ind1=" " ind2=" "><marc:subfield code="a">xi, 194 p.</marc:subfield></marc:datafield><marc:datafield tag="505" ind1="0" ind2=" "><marc:subfield code="a">Petrarch.--Valla.--Ficino.--Pico.--Pomponazzi.--Telesio.--Patriz i.--Bruno.--The medieval antecedents of Renaissance humanism.</marc:subfield></marc:datafield><marc:datafield tag="650" ind1=" " ind2="0"><marc:subfield code="a">Philosophers</marc:subfield><marc:subfield code="z">Italy.</marc:subfield><marc:subfield code="=">^A1048546</marc:subfield></marc:datafield><marc:datafield tag="650" ind1=" " ind2="0"><marc:subfield code="a">Humanism.</marc:subfield><marc:subfield code="=">^A1026239</marc:subfield></marc:datafield><marc:datafield tag="035" ind1=" " ind2=" "><marc:subfield code="a">(OCoLC-M)238013</marc:subfield></marc:datafield><marc:datafield tag="035" ind1=" " ind2=" "><marc:subfield code="a">(OCoLC-I)268808022</marc:subfield></marc:datafield><marc:datafield tag="596" ind1=" " ind2=" "><marc:subfield code="a">1 23 31</marc:subfield></marc:datafield><marc:datafield tag="916" ind1=" " ind2=" "><marc:subfield code="a">DATE CATALOGED</marc:subfield><marc:subfield code="b">19910425</marc:subfield></marc:datafield><marc:datafield tag="979" ind1=" " ind2=" "><marc:subfield code="a">BENDERRM</marc:subfield><marc:subfield code="b">druid:hd360gv1231</marc:subfield><marc:subfield code="c">hd360gv1231_00_0001.jp2</marc:subfield><marc:subfield code="d">Stanford Bookstore : Centennial</marc:subfield></marc:datafield><marc:datafield tag="999" ind1=" " ind2=" "><marc:subfield code="a">B776 .I8 K74 1964</marc:subfield><marc:subfield code="w">LC</marc:subfield><marc:subfield code="c">1</marc:subfield><marc:subfield code="i">36105005747915</marc:subfield><marc:subfield code="d">5/8/2007</marc:subfield><marc:subfield code="e">4/25/2007</marc:subfield><marc:subfield code="l">STACKS</marc:subfield><marc:subfield code="m">TANNER</marc:subfield><marc:subfield code="n">3</marc:subfield><marc:subfield code="r">Y</marc:subfield><marc:subfield code="s">Y</marc:subfield><marc:subfield code="t">STKS</marc:subfield><marc:subfield code="u">2/10/1972</marc:subfield></marc:datafield><marc:datafield tag="999" ind1=" " ind2=" "><marc:subfield code="a">B776 .I8 K74 1964</marc:subfield><marc:subfield code="w">LC</marc:subfield><marc:subfield code="c">1</marc:subfield><marc:subfield code="i">36105029423501</marc:subfield><marc:subfield code="d">3/17/2006</marc:subfield><marc:subfield code="l">BENDER</marc:subfield><marc:subfield code="m">GREEN</marc:subfield><marc:subfield code="q">1</marc:subfield><marc:subfield code="r">Y</marc:subfield><marc:subfield code="s">Y</marc:subfield><marc:subfield code="t">NONCIRC</marc:subfield><marc:subfield code="u">3/30/2000</marc:subfield></marc:datafield><marc:datafield tag="999" ind1=" " ind2=" "><marc:subfield code="a">195.08 .K92</marc:subfield><marc:subfield code="w">DEWEY</marc:subfield><marc:subfield code="c">3</marc:subfield><marc:subfield code="i">36105010365729</marc:subfield><marc:subfield code="d">6/5/2015</marc:subfield><marc:subfield code="e">6/5/2015</marc:subfield><marc:subfield code="k">CHECKEDOUT</marc:subfield><marc:subfield code="l">STACKS</marc:subfield><marc:subfield code="m">SAL3</marc:subfield><marc:subfield code="n">23</marc:subfield><marc:subfield code="r">M</marc:subfield><marc:subfield code="s">Y</marc:subfield><marc:subfield code="t">STKS-MONO</marc:subfield><marc:subfield code="u">2/10/1972</marc:subfield></marc:datafield></marc:record>
</marc:collection>
